@inproceedings{snyder:swim,
  title={A Case for Epidemic Fault Detection and Group Membership in {HPC} Storage Systems},
  author={Shane Snyder and Philip Carns and Jonathan Jenkins and Kevin Harms and Robert Ross and Misbah Mubarak and Christopher Carothers},
  booktitle={Proceedings of the 5th International Workshop on Performance Modeling, Benchmarking, and Simulation of High Performance Computer Systems (PMBS14)},
  location = {New Orleans, LA},
  month=nov,
  year={2014},
  keywords = {own},
}

@TechReport{ross:ssio,
 title ="Storage Systems and Input/Output to Support Extreme Scale Science",
 author = "Robert Ross and Gary Grider and Evan Felix and Mark Gary and Scott Klasky and Ron Oldfield and Galen Shipman and John Wu",
month = may,
year = 2015,
  keywords = {own},
}
