% use keyword own to mark publications from this collaboration

@incollection{juniors,
year={2013},
isbn={978-3-642-38749-4},
booktitle={Supercomputing},
volume={7905},
series={Lecture Notes in Computer Science},
editor={Kunkel, JulianMartin and Ludwig, Thomas and Meuer, HansWerner},
doi={10.1007/978-3-642-38750-0_33},
title={Using GPFS to Manage NVRAM-Based Storage Cache},
url={http://dx.doi.org/10.1007/978-3-642-38750-0_33},
publisher={Springer Berlin Heidelberg},
author={El Sayed, Salem and Graf, Stephan and Hennecke, Michael and Pleiter, Dirk and Schwarz, Georg and Schick, Heiko and Stephan, Michael},
pages={435-446},
language={English},
}

@article{Chien2015,
title = "Versioned Distributed Arrays for Resilience in Scientific Applications: Global View Resilience ",
journal = "Journal of Computational Science ",
volume = "",
number = "0",
pages = " - ",
year = "2015",
note = "",
issn = "1877-7503",
doi = "http://dx.doi.org/10.1016/j.jocs.2015.04.009",
url = "http://www.sciencedirect.com/science/article/pii/S1877750315000472",
author = "A. Chien and P. Balaji and P. Beckman and N. Dun and A. Fang and H. Fujita and K. Iskra and Z. Rubenstein and Z. Zheng and R. Schreiber and J. Hammond and J. Dinan and I. Laguna and D. Richards and A. Dubey and B. van Straalen and M. Hoemmen and M. Heroux and K. Teranishi and A. Siegel",
keywords = "Resilience",
keywords = "Fault tolerance",
keywords = "exascale",
keywords = "scalable computing",
keywords = "application-based fault tolerance "
}
