% use keyword own to mark publications from this collaboration

@article{j132,
   author = {Jack Dongarra and Thomas H\'erault and Yves Robert},
   journal = {Int. J. of Networking and Computing},
   title = {Performance and reliability trade-offs for the double checkpointing algorithm},
   year   = {2014},
      volume = {4},
   number = {1},
   pages = {23-41},
   keywords = {own}
}

@Book{GareyJohnson,
  author	= "M. R. Garey and D. S. Johnson",
  title		= "Computers and Intractability, {A} Guide to the Theory of
		  {NP}-Completeness",
  publisher	= "W.H. Freeman and Co",
  year		= "1979"
}