% use keyword own to mark publications from this collaboration

@article{rahmani15,
   author = {Lokman Rahmani and Matthieu Dorier and Tom Peterka and Roberto Sisneros and Luc Bouge and Gabriel Antoniu},
   journal = {In preparation},
   title = {Towards Smart In Situ Visualization of Climate Simulations},
   year   = {2015},
   keywords = {own}
}

@article{ssim,
  title={Image quality assessment: from error visibility to structural similarity},
  author={Wang, Zhou and Bovik, Alan C and Sheikh, Hamid R and Simoncelli, Eero P},
  journal={Image Processing, IEEE Transactions on},
  volume={13},
  number={4},
  pages={600--612},
  year={2004},
  publisher={IEEE}
}

@article{Bryan:2002,
	title = {{A Benchmark Simulation for Moist Nonhydrostatic Numerical Models}},
	author = {Bryan, George H. and Fritsch, J. Michael},
	journal = {Monthly Weather Review},
	volume = {130},
	number = {12},
	pages = {2917--2928},
	year = {2002},
	doi = {10.1175/1520-0493(2002)130<2917:ABSFMN>2.0.CO;2},
}
