 % use keyword own to mark publications from this collaboration

@ARTICLE{geimer_ea:2010:scalascaarchitecture,
 xkeywords = {own},
    author = {Geimer, Markus and Wolf, Felix and Brian J. N. Wylie and {\'{A}}brah{\'{a}}m, Erika
              and Becker, Daniel and Mohr, Bernd},
     month = apr,
     title = {The \textsl{Scalasca} performance toolset architecture},
   journal = {Concurrency and Computation: Practice and Experience},
    volume = {22},
    number = {6},
      year = {2010},
     pages = {702--719},
       doi = {10.1002/cpe.1556},
      note = "\url{http://www.scalasca.org/}",
}

@INPROCEEDINGS{knuepfer:2011:scorep,
     author = {Kn{\"{u}}pfer, Andreas and R{\"{o}}ssel, Christian and an Mey, Dieter and
               Biersdorff, Scott and Diethelm, Kai and Eschweiler, Dominic and Geimer, Markus and
               Gerndt, Michael and Lorenz, Daniel and Malony, Allen D. and Nagel, Wolfgang E. and
               Oleynik, Yury and Philippen, Peter and Saviankou, Pavel and Schmidl, Dirk and
               Shende, Sameer S. and Tsch{\"{u}}ter, Ronny and Wagner, Michael and
               Wesarg, Bert and Wolf, Felix},
      month = sep,
      title = {\textit{Score-P} -- {A} Joint Performance Measurement
Run-Time Infrastructure for \textit{Periscope}, \textit{Scalasca},
\textit{TAU}, and \textit{Vampir}},
  booktitle = {Proc. 5th Parallel Tools Workshop (Dresden, Germany)},
       year = {2012},
      pages = {79-91},
  publisher = {Springer},
       xurl = {http://dx.doi.org/10.1007/978-3-642-31476-6_7},
        doi = {10.1007/978-3-642-31476-6_7},
       note = "\url{http://www.score-p.org/}",
}

@INPROCEEDINGS{frings_ea:2009:parallelio,
     author = {Frings, Wolfgang and Wolf, Felix and Petkov, Ventsislav},
      month = nov,
      title = {Scalable Massively Parallel {I/O} to Task-Local Files},
  booktitle = {Proc. ACM/IEEE SC09 Conference (Portland, OR, USA)},
       year = {2009},
  publisher = {ACM},
      xisbn = {978-1-60558-744-8},
        doi = {10.1145/1654059.1654077},
       note = "\url{http://www.fz-juelich.de/jsc/sionlib/}",
}

@MANUAL{VI-HPS-TWS,
      title = "VI-HPS Tuning Workshops",
     author = "Virtual Institute -- High Productivity Supercomputing",
       note = "\url{http://www.vi-hps.org/training/tws/}",
}

@BOOKLET{VI-HPS_ToolsGuide,
      title = "VI-HPS Tools Guide",
     author = "Virtual Institute -- High Productivity Supercomputing",
       note = "\url{http://www.vi-hps.org/upload/material/general/ToolsGuide.pdf}",
}


@article{10.1109/ICPPW.2010.62,
    author = {Jinpil Lee and Mitsuhisa Sato},
    title = {Implementation and Performance Evaluation of \textit{XcalableMP}: A Parallel Programming Language for Distributed Memory Systems},
    journal ={39th International Conference on Parallel Processing Workshops},
    xissn = {1530-2016},
    year = {2010},
    pages = {413-420},
    doi = {10.1109/ICPPW.2010.62},
    publisher = {IEEE Computer Society},
    xaddress = {Los Alamitos, CA, USA},
    note = "\url{http://xcalablemp.org/}",
}

@article{10.1109/ICPP.2013.58,
    author = {Miwako Tsuji and Mitsuhisa Sato and Maxime Hugues and Serge Petiton},
    title = {Multiple-{SPMD} Programming Environment Based on {PGAS} and Workflow toward Post-petascale Computing},
    journal ={42nd International Conference on Parallel Processing},
    xissn = {0190-3918},
    year = {2013},
    pages = {480-485},
    doi = {10.1109/ICPP.2013.58},
    publisher = {IEEE Computer Society},
    xaddress = {Los Alamitos, CA, USA},
}
