% use keyword own to mark publications from this collaboration

