% use keyword own to mark publications from this collaboration
@article{j132,
   author = {Jack Dongarra and Thomas H\'erault and Yves Robert},
   journal = {Int. J. of Networking and Computing},
   title = {Performance and reliability trade-offs for the double checkpointing algorithm},
   year   = {2014},
      volume = {4},
   number = {1},
   pages = {23-41},
   keywords = {own}
}

@Book{GareyJohnson,
  author	= "M. R. Garey and D. S. Johnson",
  title		= "Computers and Intractability, {A} Guide to the Theory of
		  {NP}-Completeness",
  publisher	= "W.H. Freeman and Co",
  year		= "1979"
}

@inproceedings{Benoit14_chain,
 author = {Anne Benoit and Aur\'{e}lien Cavelan and Yves Robert and Hongyang Sun},
 title = {Assessing general-purpose algorithms to cope with fail-stop and silent errors},
 booktitle = {Proceedings of the 5th International Workshop on Performance Modeling, Benchmarking and
 Simulation of High Performance Computer Systems (PMBS) held as part of Supercomputing (SC)},
 year = {2014},
 location = {New Orleans, USA},
 keywords = {own},
}

@inproceedings{Cavelan15_timing,
 author = {Aur\'{e}lien Cavelan and Yves Robert and Hongyang Sun and Fr\'{e}d\'{e}ric Vivien},
 title = {Voltage Overscaling Algorithms for Energy-Efficient Workflow Computations With Timing Errors},
 booktitle = {Proceedings of Fault Tolerance for HPC at eXtreme Scale (FTXS) Workshop},
 year = {2015},
 location = {Portland, USA},
 keywords = {own},
}

@article{Cavelan15_partialSaurabh,
 author = {Aur\'{e}lien Cavelan and Saurabh K. Raina and Yves Robert and Hongyang Sun},
 title = {Assessing the Impact of Partial Verifications Against Silent Data Corruptions},
 journal = {INRIA Research report RR-8711, submitted for publication},
 year = {2015},
 keywords = {own},
}

@InProceedings{WapcoQuintana,
  author = 	 {Tyler M. Smith and Enrique S. Quintana-Orti and Mikhail Smelyanskiy and Robert A. van de Geijn},
  title = 	 {Embedding Fault-Tolerance, Exploiting Approximate Computing and Retaining High Performance in the Matrix Multiplication},
  booktitle = {1st Workshop On Approximate Computing (WAPCO)},
  year = 	 2015,
}

@ARTICLE{young74,
  TITLE={{A first order approximation to the optimum checkpoint interval}},
  AUTHOR={John W. Young},
  YEAR={1974},
  JOURNAL={Comm. of the ACM},
  VOLUME={17},
  NUMBER={9},
  PAGES={530-531}
}

@Article{daly04,
	author = "J. T. Daly",
	title = "A higher order estimate of the optimum checkpoint interval for restart dumps",
	journal = "Future Generation Comp. Syst.",
	volume = "22",
	number = "3",
	year = "2006",
	pages = "303-312",
}

@inproceedings{Ciocca04_ALFT,
 author = {Ciocca, E. and Koren, I. and Koren, Z. and Krishna, C. M. and Katz, D. S.},
 title = {Application-Level Fault Tolerance in the Orbital Thermal Imaging Spectrometer},
 booktitle = {Proceedings of the 10th IEEE Pacific Rim International Symposium on Dependable Computing (PRDC'04)},
 year = {2004},
 pages = {43--48},
 location = {Papeete, Tahiti, French Polynesia},
}

@article{Gomez14_SDCDetector,
 author = {Bautista Gomez, Leonardo and Cappello, Franck},
 title = {Detecting Silent Data Corruption Through Data Dynamic Monitoring for Scientific Applications},
 journal = {SIGPLAN Notices},
 volume = {49},
 number = {8},
 year = {2014},
 pages = {381--382},
  keywords = {own}
}
